<?xml version="1.0" encoding="UTF-8"?><record xmlns="http://www.loc.gov/MARC21/slim" xmlns:cinclude="http://apache.org/cocoon/include/1.0" xmlns:zs="http://www.loc.gov/zing/srw/">
  <leader>00564nz  a2200145n  4500</leader>
  <controlfield tag="001">n 2015038152</controlfield>
  <controlfield tag="003">DLC</controlfield>
  <controlfield tag="005">20150617102609.0</controlfield>
  <controlfield tag="008">150617n| azannaabn          |a aaa      </controlfield>
  <datafield tag="010" ind1=" " ind2=" ">
    <subfield code="a">n 2015038152</subfield>
  </datafield>
  <datafield tag="040" ind1=" " ind2=" ">
    <subfield code="a">DLC</subfield>
    <subfield code="b">eng</subfield>
    <subfield code="e">rda</subfield>
    <subfield code="c">DLC</subfield>
  </datafield>
  <datafield tag="100" ind1="1" ind2=" ">
    <subfield code="a">Barragán de Toscano, Refugio,</subfield>
    <subfield code="d">1843-1916.</subfield>
    <subfield code="t">Hija del bandido</subfield>
  </datafield>
  <datafield tag="400" ind1="1" ind2=" ">
    <subfield code="a">Barragán de Toscano, Refugio,</subfield>
    <subfield code="d">1843-1916.</subfield>
    <subfield code="t">Hija del bandido, o, Los subterráneos del Nevado</subfield>
  </datafield>
  <datafield tag="400" ind1="1" ind2=" ">
    <subfield code="a">Barragán de Toscano, Refugio,</subfield>
    <subfield code="d">1843-1916.</subfield>
    <subfield code="t">Subterráneos del Nevado</subfield>
  </datafield>
  <datafield tag="670" ind1=" " ind2=" ">
    <subfield code="a">Tres miradas con perspectiva de género, agosto de 2012.</subfield>
  </datafield>
</record>